@Article{Adams2009,
   AUTHOR = {Adams, S. and Spang, R. and Preusse, P. and Heinemann, G.},
    TITLE = {The benefit of limb cloud imaging for infrared limb sounding of tropospheric trace gases},
  JOURNAL = {Atmospheric Measurement Techniques},
   VOLUME = {2},
     YEAR = {2009},
   NUMBER = {1},
    PAGES = {287--298},
      URL = {http://www.atmos-meas-tech.net/2/287/2009/},
      DOI = {10.5194/amt-2-287-2009}
}

@article{Andreae2005,
  title={Strong present-day aerosol cooling implies a hot future},
  author={Andreae, Meinrat O and Jones, Chris D and Cox, Peter M},
  journal={Nature},
  volume={435},
  number={7046},
  pages={1187--1190},
  year={2005},
  publisher={Nature Publishing Group}
}

@ARTICLE{Baldwin2007,
  title={How will the stratosphere affect climate change?},
  author={Baldwin, Mark P and Dameris, Martin and Shepherd, Theodore G},
  journal={Science},
  volume={316},
  number={5831},
  pages={1576--1577},
  year={2007},
  publisher={American Association for the Advancement of Science}
}

@ARTICLE{Bates1992,
  title={Sulfur emissions to the atmosphere from natural sourees},
  author={Bates, TS and Lamb, BK and Guenther, A and Dignon, J and Stoiber, RE},
  journal={Journal of Atmospheric Chemistry},
  volume={14},
  number={1-4},
  pages={315--337},
  year={1992},
  publisher={Springer}
}

@article{Berthet2002,
  title={Optical and physical properties of stratospheric aerosols from balloon measurements in the visible and near-infrared domains. I. Analysis of aerosol extinction spectra from the AMON and SALOMON balloonborne spectrometers},
  author={Berthet, Gwena{\"e}l and Renard, Jean-Baptiste and Brogniez, Colette and Robert, Claude and Chartier, Michel and Pirre, Michel},
  journal={Applied optics},
  volume={41},
  number={36},
  pages={7522--7539},
  year={2002},
  publisher={Optical Society of America}
}

@article{Bingen2004,
  title={A global climatology of stratospheric aerosol size distribution parameters derived from SAGE II data over the period 1984--2000: 1. Methodology and climatological observations},
  author={Bingen, Christine and Fussen, Didier and Vanhellemont, Filip},
  journal={Journal of Geophysical Research: Atmospheres (1984--2012)},
  volume={109},
  number={D6},
  year={2004},
  publisher={Wiley Online Library}
}

@ARTICLE{Bourassa2005,
   author = {{Bourassa}, A.~E. and {Degenstein}, D.~A. and {Llewellyn}, E.~J.
	},
    title = "{Climatology of the subvisual cirrus clouds as seen by OSIRIS on Odin}",
  journal = {Advances in Space Research},
     year = 2005,
   volume = 36,
    pages = {807-812},
      doi = {10.1016/j.asr.2005.05.045},
}

@ARTICLE{Bourassa2007,
   author = {{Bourassa}, A.~E. and {Degenstein}, D.~A. and {Gattinger}, R.~L. and
	{Llewellyn}, E.~J.},
    title = "{Stratospheric aerosol retrieval with optical spectrograph and infrared imaging system limb scatter measurements}",
  journal = {Journal of Geophysical Research (Atmospheres)},
 keywords = {Atmospheric Composition and Structure: Aerosols and particles (0345, 4801, 4906), Atmospheric Composition and Structure: Radiation: transmission and scattering, Atmospheric Processes: Remote sensing},
     year = 2007,
    month = may,
   volume = 112,
   number = D11,
      eid = {D10217},
    pages = {10217},
      doi = {10.1029/2006JD008079},
   adsurl = {http://adsabs.harvard.edu/abs/2007JGRD..11210217B},
  adsnote = {Provided by the SAO/NASA Astrophysics Data System}
}

@PhDthesis{Bourassa2007t,
   author = {{Bourassa}, A. E.},
    title = "{Stratospheric aerosol retrieval from osiris limb scattered sunlight spectra}",
    school =     {Univeristy of Saskatchewan},
    address =     {105 Administration Place, Saskatoon, SK S7N 5A2},
    year = 2007
}

@ARTICLE{Bourassa2008a,
   author = {{Bourassa}, A.~E. and {Degenstein}, D.~A. and {Llewellyn}, E.~J.
	},
    title = "{SASKTRAN: A spherical geometry radiative transfer code for efficient estimation of limb scattered sunlight}",
  journal = {\jqsrt},
     year = 2008,
    month = jan,
   volume = 109,
    pages = {52-73},
      doi = {10.1016/j.jqsrt.2007.07.007},
   adsurl = {http://adsabs.harvard.edu/abs/2008JQSRT.109...52B},
  adsnote = {Provided by the SAO/NASA Astrophysics Data System}
}

@ARTICLE{Bourassa2008b,
   author = {{Bourassa}, A.~E. and {Degenstein}, D.~A. and {Llewellyn}, E.~J.
	},
    title = "{Retrieval of stratospheric aerosol size information from OSIRIS limb scattered sunlight spectra}",
  journal = {Atmospheric Chemistry \& Physics},
     year = 2008,
    month = nov,
   volume = 8,
    pages = {6375-6380},
   adsurl = {http://adsabs.harvard.edu/abs/2008ACP.....8.6375B},
  adsnote = {Provided by the SAO/NASA Astrophysics Data System}
}

@ARTICLE{Bourassa2010,
   author = {{Bourassa}, A.~E. and {Degenstein}, D.~A. and {Elash}, B.~J. and
	{Llewellyn}, E.~J.},
    title = "{Evolution of the stratospheric aerosol enhancement following the eruptions of Okmok and Kasatochi: Odin-OSIRIS measurements}",
  journal = {Journal of Geophysical Research (Atmospheres)},
 keywords = {Atmospheric Composition and Structure: Aerosols and particles (0345, 4801, 4906), Atmospheric Composition and Structure: Volcanic effects (8409), Atmospheric Composition and Structure: Middle atmosphere: composition and chemistry},
     year = 2010,
    month = jul,
   volume = 115,
   number = D14,
      eid = {D00L03},
    pages = {0},
      doi = {10.1029/2009JD013274},
   adsurl = {http://adsabs.harvard.edu/abs/2010JGRD..11500L03B},
  adsnote = {Provided by the SAO/NASA Astrophysics Data System}
}

@ARTICLE{Bourassa2012a,
   author = {{Bourassa}, A.~E. and {Rieger}, L.~A. and {Lloyd}, N.~D. and
	{Degenstein}, D.~A.},
    title = "{Odin-OSIRIS stratospheric aerosol data product and SAGE III intercomparison}",
  journal = {Atmospheric Chemistry \& Physics},
     year = 2012,
    month = jan,
   volume = 12,
    pages = {605-614},
      doi = {10.5194/acp-12-605-2012},
   adsurl = {http://adsabs.harvard.edu/abs/2012ACP....12..605B},
  adsnote = {Provided by the SAO/NASA Astrophysics Data System}
}

@ARTICLE{Bourassa2012b,
   author = {{Bourassa}, A.~E. and {McLinden}, C.~A. and {Bathgate}, A.~F. and
	{Elash}, B.~J. and {Degenstein}, D.~A.},
    title = "{Precision estimate for Odin-OSIRIS limb scatter retrievals}",
  journal = {Journal of Geophysical Research (Atmospheres)},
     year = 2012,
    month = feb,
   volume = 117,
   number = D14,
      eid = {D04303},
    pages = {0},
      doi = {10.1029/2011JD016976},
}

@article{Bourassa2012c,
  title={Large volcanic aerosol load in the stratosphere linked to Asian monsoon transport},
  author={Bourassa, Adam E and Robock, Alan and Randel, William J and Deshler, Terry and Rieger, Landon A and Lloyd, Nicholas D and Llewellyn, EJ Ted and Degenstein, Douglas A},
  journal={Science},
  volume={337},
  number={6090},
  pages={78--81},
  year={2012},
  publisher={American Association for the Advancement of Science}
}

@article{Bovensmann1999,
  title={SCIAMACHY: Mission objectives and measurement modes},
  author={Bovensmann, H and Burrows, JP and Buchwitz, M and Frerick, J and No{\"e}l, S and Rozanov, VV and Chance, KV and Goede, APH},
  journal={Journal of the Atmospheric Sciences},
  volume={56},
  number={2},
  pages={127--150},
  year={1999}
}

@ARTICLE{Brock1995,
   author = {{Brock}, C.~A. and {Hamill}, P. and {Wilson}, J.~C. and {Jonsson}, H.~H. and
	{Chan}, K.~R.},
    title = "{Particle Formation in the Upper Tropical Troposphere: A Source of Nuclei for the Stratospheric Aerosol}",
  journal = {Science},
     year = 1995,
    month = dec,
   volume = 270,
    pages = {1650-1653},
      doi = {10.1126/science.270.5242.1650},
   adsurl = {http://adsabs.harvard.edu/abs/1995Sci...270.1650B},
  adsnote = {Provided by the SAO/NASA Astrophysics Data System}
}

@ARTICLE{Chang1974,
   author = {{Chang}, I.~C.},
    title = "{Noncollinear acousto-optic filter with large angular aperture}",
  journal = {Applied Physics Letters},
     year = 1974,
    month = oct,
   volume = 25,
      eid = {370},
    pages = {370},
      doi = {10.1063/1.1655512},
   adsurl = {http://adsabs.harvard.edu/abs/1974ApPhL..25..370C},
  adsnote = {Provided by the SAO/NASA Astrophysics Data System}
}

@patent{Chang1977,
   author = {Chang, I. C.},
    title = {Noncollinear Tunable Acousto-Optic Filter},
     year = {1977},
    month = {10},
      day = {04},
   number = {US 4052121},
     type = {Patent},
 location = {US},
yearfiled = {1975},
monthfiled = {09},
 dayfiled = {10}
 }

@article{Chang1981,
   author = {Chang, I. C.},
    title = {Acousto-Optic Tunable Filters},
  journal = {Optical Engineering},
   volume = {20},
   number = {6},
    pages = {206824-206824-},
     year = {1981},
      doi = {10.1117/12.7972821},
      URL = { + http://dx.doi.org/10.1117/12.7972821},
   eprint = {}
}

@article{Charlson1992,
  title={Climate Forcing by Anthropogenic Aerosols},
  author={Charlson, RJ and Schwartz, SE and Hales, JM and Cess, RD and Coakley Jr, JA and Hansen, JE and Hofmann, DJ},
  journal={Science},
  volume={255},
  pages={423--430},
  year={1992}
}

@ARTICLE{Corti2005,
   author = {{Corti}, T. and {Luo}, B.~P. and {Peter}, T. and {V{\"o}mel}, H. and
	{Fu}, Q.},
    title = "{Mean radiative energy balance and vertical mass fluxes in the equatorial upper troposphere and lower stratosphere}",
  journal = {Geophysics Research Letters},
 keywords = {Atmospheric Processes: Stratosphere/troposphere interactions, Atmospheric Processes: Radiative processes, Atmospheric Processes: Tropical meteorology},
     year = 2005,
    month = mar,
   volume = 32,
      eid = {L06802},
    pages = {6802},
      doi = {10.1029/2004GL021889}
}

@article{Degenstein2009,
  title={Limb scatter ozone retrieval from 10 to 60 km using a multiplicative algebraic reconstruction technique},
  author={Degenstein, DA and Bourassa, AE and Roth, CZ and Llewellyn, EJ},
  journal={Atmospheric Chemistry and Physics},
  volume={9},
  number={17},
  pages={6521--6529},
  year={2009},
  publisher={Copernicus GmbH}
}

@article{Dekemper2012,
   author = {Emmanuel Dekemper and Nicolas Loodts and Bert Van Opstal and Jeroen Maes and Filip Vanhellemont and Nina Mateshvili and Ghislain Franssens and Didier Pieroux and Christine Bingen and Charles Robert and Lieve De Vos and Ludovic Aballea and Didier Fussen},
  journal = {Applied Optics},
 keywords = {Atmospheric and oceanic optics ; Image processing; Acousto-optical devices; Air pollution monitoring; Multispectral and hyperspectral imaging ; Remote sensing and sensors},
   number = {25},
    pages = {6259--6267},
publisher = {OSA},
    title = {Tunable acousto-optic spectral imager for atmospheric composition measurements in the visible spectral domain},
   volume = {51},
    month = {Sep},
     year = {2012},
      url = {http://ao.osa.org/abstract.cfm?URI=ao-51-25-6259},
      doi = {10.1364/AO.51.006259},
 abstract = {We describe a new spectral imaging instrument using a TeO2 acousto-optical tunable filter (AOTF) operating in the visible domain (450\&\#x2013;900\&\#xA0;nm). It allows for fast (\&\#x223C;1 second), monochromatic (FWHM ranges from 0.6\&\#xA0;nm at 450\&\#xA0;nm to 3.5\&\#xA0;nm at 800\&\#xA0;nm) picture acquisition with good spatial resolution. This instrument was designed as a breadboard of the visible channel of a new satellite-borne atmospheric limb spectral imager, named the Atmospheric Limb Tracker for the Investigation of the Upcoming Stratosphere (ALTIUS), that is currently being developed. We tested its remote sensing capabilities by observing the dense, turbulent plume exhausted by a waste incinerator stack at two wavelengths sensitive to NO2. An average value of 6.0\&\#xB1;0.4\&\#xD7;1017\&\#x2009;\&\#x2009;molecules\&\#x2009;cm\&\#x2212;2 has been obtained for the NO2 slant column density within the plume, close to the stack outlet. Although this result was obtained with a rather low accuracy, it demonstrates the potential of spectral imaging by using AOTFs in remote sensing.},
}

@inproceedings{Dekemper2014,
  title={ALTIUS: a spaceborne AOTF-based UV-VIS-NIR hyperspectral imager for atmospheric remote sensing},
  author={Dekemper, Emmanuel and Fussen, Didier and Pieroux, Didier and Vanhamel, Jurgen and Van Opstal, Bert and Vanhellemont, Filip and Mateshvili, Nina and Franssens, Ghislain and Voloshinov, Vitaly and Janssen, Christof and others},
  booktitle={SPIE Remote Sensing},
  pages={92410L--92410L},
  year={2014},
  organization={International Society for Optics and Photonics}
}

@ARTICLE{Demott1997,
  title={The susceptibility of ice formation in upper tropospheric clouds to insoluble aerosol components},
  author={DeMott, Paul J and Rogers, David C and Kreidenweis, Sonia M},
  journal={Journal of Geophysical Research: Atmospheres (1984--2012)},
  volume={102},
  number={D16},
  pages={19575--19584},
  year={1997},
  publisher={Wiley Online Library}
}

@article{Deshler2003,
  title={Thirty years of in situ stratospheric aerosol size distribution measurements from Laramie, Wyoming (41 N), using balloon-borne instruments},
  author={Deshler, T and Hervig, ME and Hofmann, DJ and Rosen, JM and Liley, JB},
  journal={Journal of Geophysical Research: Atmospheres (1984--2012)},
  volume={108},
  number={D5},
  year={2003},
  publisher={Wiley Online Library}
}

@ARTICLE{Dessler2009,
   author = {{Dessler}, A.~E.},
    title = "{Clouds and water vapor in the Northern Hemisphere summertime stratosphere}",
  journal = {Journal of Geophysical Research (Atmospheres)},
 keywords = {Atmospheric Composition and Structure: Constituent sources and sinks, Atmospheric Composition and Structure: Cloud physics and chemistry, Atmospheric Composition and Structure: Troposphere: constituent transport and chemistry},
     year = 2009,
    month = nov,
   volume = 114,
   number = D13,
      eid = {D00H09},
    pages = {0},
      doi = {10.1029/2009JD012075},
}

@inproceedings{Dittman2002,
  title={Limb broad-band imaging spectrometer for the NPOESS Ozone Mapping and Profiler Suite(OMPS)},
  author={Dittman, Michael G and Leitch, James W and Chrisp, Michael and Rodriguez, Juan V and Sparks, Angela L and McComas, Brian K and Zaun, Neal H and Frazier, Doug and Dixon, Tom and Philbrick, Robert H and others},
  booktitle={Proceedings of SPIE},
  volume={4814},
  pages={120--130},
  year={2002}
}

@article{Dutton1992,
  title={Solar radiative forcing at selected locations and evidence for global lower tropospheric cooling following the eruptions of El Chich{\'o}n and Pinatubo},
  author={Dutton, Ellsworth G and Christy, John R},
  journal={Geophysical Research Letters},
  volume={19},
  number={23},
  pages={2313--2316},
  year={1992},
  publisher={Wiley Online Library}
}

@article{Fiocco1964,
  title={Observations of the aerosol layer at 20 km by optical radar},
  author={Fiocco, G and Grams, G},
  journal={Journal of the Atmospheric Sciences},
  volume={21},
  number={3},
  pages={323--324},
  year={1964}
}

@article{Fischer2008,
  title={MIPAS: an instrument for atmospheric and climate research},
  author={Fischer, H and Birk, M and Blom, C and Carli, B and Carlotti, M and Clarmann, T von and Delbouille, L and Dudhia, A and Ehhalt, D and Endemann, M and others},
  journal={Atmospheric Chemistry and Physics},
  volume={8},
  number={8},
  pages={2151--2188},
  year={2008},
  publisher={Copernicus GmbH}
}

@ARTICLE{Fromm2005,
   author = {{Fromm}, M. and {Bevilacqua}, R. and {Servranckx}, R. and {Rosen}, J. and
	{Thayer}, J.~P. and {Herman}, J. and {Larko}, D.},
    title = "{Pyro-cumulonimbus injection of smoke to the stratosphere: Observations and impact of a super blowup in northwestern Canada on 3-4 August 1998}",
  journal = {Journal of Geophysical Research (Atmospheres)},
 keywords = {Atmospheric Composition and Structure: Aerosols and particles (0345, 4801, 4906), Atmospheric Composition and Structure: Constituent sources and sinks, Atmospheric Composition and Structure: Middle atmosphere: composition and chemistry, Atmospheric Composition and Structure: Middle atmosphere: constituent transport and chemistry (3334), Atmospheric Composition and Structure: Troposphere: constituent transport and chemistry},
     year = 2005,
    month = apr,
   volume = 110,
   number = D9,
      eid = {D08205},
    pages = {8205},
      doi = {10.1029/2004JD005350},
}

@ARTICLE{Gass1991,
   author = {{Gass}, P.~A. and {Sambles}, J.~R.},
    title = "{Accurate design of a noncollinear acousto-optic tunable filter}",
  journal = {Optics Letters},
 keywords = {ACOUSTO-OPTICS, FILTERS, BRAGG DIFFRACTION},
     year = 1991,
    month = mar,
   volume = 16,
    pages = {429-431},
      doi = {10.1364/OL.16.000429},
}

@book{Guenther1990,
   author = {Robert Guenther},
    title = {Modern Optics},
publisher = {Wiley and Sons, Inc},
     year = {1990},
  edition = {1st Edition}
}

@ARTICLE{Harris1969,
   author = {{Harris}, S.~E. and {Wallace}, R.~W.},
    title = "{Acousto-Optic Tunable Filter}",
  journal = {Journal of the Optical Society of America (1917-1983)},
     year = 1969,
    month = jun,
   volume = 59,
    pages = {744},
   adsurl = {http://adsabs.harvard.edu/abs/1969JOSA...59..744H},
  adsnote = {Provided by the SAO/NASA Astrophysics Data System}
}

@ARTICLE{Hofmann1989,
   author = {{Hofmann}, D.~J. and {Solomon}, S.},
    title = "{Ozone destruction through heterogeneous chemistry following the eruption of El Chichon}",
  journal = {\jgr},
     year = 1989,
    month = apr,
   volume = 94,
    pages = {5029-5041},
      doi = {10.1029/JD094iD04p05029},
   adsurl = {http://adsabs.harvard.edu/abs/1989JGR....94.5029H},
  adsnote = {Provided by the SAO/NASA Astrophysics Data System}
}

@ARTICLE{Hoinka1997,
  title={The tropopause: Discovery, definition and demarcation},
  author={Hoinka, KP},
  journal={Meteorologische Zeitschrift},
  volume={6},
  number={6},
  pages={281--303},
  year={1997},
  publisher={GEBRUDER BORNTRAEGER JOHANNESSTR 3A, D-70176 STUTTGART, GERMANY}
}

@article{Hu2009,
  title={CALIPSO/CALIOP cloud phase discrimination algorithm},
  author={Hu, Yongxiang and Winker, David and Vaughan, Mark and Lin, Bing and Omar, Ali and Trepte, Charles and Flittner, David and Yang, Ping and Nasiri, Shaima L and Baum, Bryan and others},
  journal={Journal of Atmospheric and Oceanic Technology},
  volume={26},
  number={11},
  pages={2293--2309},
  year={2009}
}

@article{Jager1991,
  title={Midlatitude lidar backscatter to mass, area, and extinction conversion model based on in situ aerosol measurements from 1980 to 1987},
  author={J{\"a}ger, Horst and Hofmann, David},
  journal={Applied optics},
  volume={30},
  number={1},
  pages={127--138},
  year={1991},
  publisher={Optical Society of America}
}

@ARTICLE{Junge1961,
   author = {{Junge}, C.~E. and {Chagnon}, C.~W. and {Manson}, J.~E.},
    title = "{Stratospheric Aerosols.}",
  journal = {Journal of Atmospheric Sciences},
     year = 1961,
    month = feb,
   volume = 18,
    pages = {81-108},
      doi = {10.1175/1520-0469(1961)018<0081:SA>2.0.CO;2},
   adsurl = {http://adsabs.harvard.edu/abs/1961JAtS...18...81J},
  adsnote = {Provided by the SAO/NASA Astrophysics Data System}
}

@article{Kacenelenbogen2011,
  title={An accuracy assessment of the CALIOP/CALIPSO version 2/version 3 daytime aerosol extinction product based on a detailed multi-sensor, multi-platform case study},
  author={Kacenelenbogen, M and Vaughan, MA and Redemann, J and Hoff, RM and Rogers, RR and Ferrare, RA and Russell, PB and Hostetler, CA and Hair, JW and Holben, BN},
  year={2011}
}

@article{Kiehl1993,
   author = {Kiehl, J. T. and Briegleb, B. P.},
    title = {The Relative Roles of Sulfate Aerosols and Greenhouse Gases in Climate Forcing},
   volume = {260},
   number = {5106},
    pages = {311-314},
     year = {1993},
      doi = {10.1126/science.260.5106.311},
      URL = {http://www.sciencemag.org/content/260/5106/311.abstract},
   eprint = {http://www.sciencemag.org/content/260/5106/311.full.pdf},
  journal = {Science}
}

@ARTICLE{Kravitz2010,
   author = {{Kravitz}, B. and {Robock}, A. and {Bourassa}, A.},
    title = "{Negligible climatic effects from the 2008 Okmok and Kasatochi volcanic eruptions}",
  journal = {Journal of Geophysical Research (Atmospheres)},
 keywords = {Volcanology: Atmospheric effects (0370), Atmospheric Composition and Structure: Aerosols and particles (0345, 4801, 4906), Global Change: Global climate models (3337, 4928), Atmospheric Processes: Remote sensing},
     year = 2010,
    month = aug,
   volume = 115,
   number = D14,
      eid = {D00L05},
    pages = {0},
      doi = {10.1029/2009JD013525},
   adsurl = {http://adsabs.harvard.edu/abs/2010JGRD..11500L05K},
  adsnote = {Provided by the SAO/NASA Astrophysics Data System}
}

@article{Livesey2006,
  title={Retrieval algorithms for the EOS Microwave limb sounder (MLS)},
  author={Livesey, Nathaniel J and Van Snyder, W and Read, William G and Wagner, Paul A},
  journal={Geoscience and Remote Sensing, IEEE Transactions on},
  volume={44},
  number={5},
  pages={1144--1155},
  year={2006},
  publisher={IEEE}
}

@ARTICLE{Llewellyn2004,
   author = {{Llewellyn}, E. and {Lloyd}, N.~D. and {Degenstein}, D.~A. and
	{Gattinger}, R.~L. and {Petelina}, S.~V. and {Bourassa}, A.~E. and
	{Wiensz}, J.~T. and {Ivanov}, E.~V. and {McDade}, I.~C. and
	{Solheim}, B.~H. and {McConnell}, J.~C. and {Haley}, C.~S. and
	{von Savigny}, C. and {Sioris}, C.~E. and {McLinden}, C.~A. and
	{Griffioen}, E. and {Kaminski}, J. and {Evans}, W.~F.~J. and
	{Puckrin}, E. and {Strong}, K. and {Wehrle}, V. and {Hum}, R.~H. and
	{Kendall}, D.~J.~W. and {Matsushita}, J. and {Murtagh}, D.~P. and
	{Brohede}, S. and {Stegman}, J. and {Witt}, G. and {Barnes}, G. and
	{Payne}, W.~F. and {Piche}, L. and {Smith}, K. and {Warshaw}, G. and
	{Deslauniers}, D.~L. and {Marchand}, P. and {Richardson}, E.~H. and
	{King}, R.~A. and {Wevers}, I. and {McCreath}, W. and {Kyrola}, E. and
	{Oikarinen}, L. and {Leppelmeier}, G.~W. and {Auvinen}, H. and
	{Megie}, G. and {Hauchecorne}, A. and {Lefevre}, F. and {de La Noe}, J. and
	{Ricaud}, P. and {Frisk}, U. and {Sjoberg}, F. and {von Scheele}, F. and
	{Nordh}, L.},
    title = "{The OSIRIS instrument on the Odin spacecraft}",
  journal = {Canadian Journal of Physics},
 keywords = {emission rates, rocket measurement, profiles, satellite, tomography, densities, radiance, spectra, dayglow, system},
     year = 2004,
    month = jun,
   volume = 82,
    pages = {411-422},
      doi = {10.1139/p04-005},
   adsurl = {http://adsabs.harvard.edu/abs/2004CaJPh..82..411L},
  adsnote = {Provided by the SAO/NASA Astrophysics Data System}
}

@ARTICLE{Massie2010,
   author = {{Massie}, S.~T. and {Gille}, J. and {Craig}, C. and {Khosravi}, R. and
	{Barnett}, J. and {Read}, W. and {Winker}, D.},
    title = "{HIRDLS and CALIPSO observations of tropical cirrus}",
  journal = {Journal of Geophysical Research (Atmospheres)},
 keywords = {Atmospheric Composition and Structure, Atmospheric Composition and Structure: Cloud physics and chemistry, Atmospheric Composition and Structure: Aerosols and particles (0345, 4801, 4906)},
     year = 2010,
    month = jan,
   volume = 115,
   number = D14,
      eid = {D00H11},
    pages = {0},
      doi = {10.1029/2009JD012100},
}

@article{McCormick1979,
  title={Satellite studies of the stratospheric aerosol},
  author={McCormick, MP and Hamill, Patrick and Chu, WP and Swissler, TJ and McMaster, LR and Pepin, TJ},
  journal={Bulletin of the American meteorological Society},
  volume={60},
  number={9},
  pages={1038--1046},
  year={1979}
}

@article{McCormick1987,
  title={SAGE II: an overview},
  author={McCormick, MP},
  journal={Advances in space research},
  volume={7},
  number={3},
  pages={219--226},
  year={1987},
  publisher={Elsevier}
}

@ARTICLE{McCormick1995,
  title={Atmospheric effects of the Mt Pinatubo eruption},
  author={McCormick, M Patrick and Thomason, Larry W and Trepte, Charles R and others},
  journal={Nature},
  volume={373},
  number={6513},
  pages={399--404},
  year={1995}
}

@article{Oikarinen1999,
  title={Multiple scattering radiance in limb-viewing geometry},
  author={Oikarinen, Liisa and Sihvola, Elina and Kyr{\"o}l{\"a}, Erkki},
  journal={Journal of Geophysical Research: Atmospheres (1984--2012)},
  volume={104},
  number={D24},
  pages={31261--31274},
  year={1999},
  publisher={Wiley Online Library}
}

@article{Pollack1976,
  title={Volcanic explosions and climatic change: A theoretical assessment},
  author={Pollack, James B and Toon, Owen B and Sagan, Carl and Summers, Audrey and Baldwin, Betty and Van Camp, Warren},
  journal={Journal of Geophysical Research},
  volume={81},
  number={6},
  pages={1071--1083},
  year={1976},
  publisher={Wiley Online Library}
}

@article{Rault2013,
  title={The OMPS Limb Profiler environmental data record algorithm theoretical basis document and expected performance},
  author={Rault, Didier F and Loughman, Robert P},
  journal={Geoscience and Remote Sensing, IEEE Transactions on},
  volume={51},
  number={5},
  pages={2505--2527},
  year={2013},
  publisher={IEEE}
}

@MastersThesis{Rieger2012,
   author =     {{Rieger}, L.~A.},
    title =     "{Stratospheric Aerosol Particle Size Retrieval}",
   school =     {Univeristy of Saskatchewan},
     year =     {2012}
}

@article{Rosen1964,
  title={The vertical distribution of dust to 30 kilometers},
  author={Rosen, James M},
  journal={Journal of Geophysical Research},
  volume={69},
  number={21},
  pages={4673--4676},
  year={1964},
  publisher={Wiley Online Library}
}

@patent{Saito1976,
   author = {Saito K., T. Yano, A. Watanabe},
    title = {Acousto-Optic Filter},
     year = {1976},
    month = {03},
      day = {16},
   number = {US 3944335},
     type = {Patent},
 location = {US},
yearfiled = {1974},
monthfiled = {08},
 dayfiled = {27}
 }

@article{Schutz2005,
  title={Overview of the ICESat mission},
  author={Schutz, BE and Zwally, HJ and Shuman, CA and Hancock, D and DiMarzio, JP},
  journal={Geophysical Research Letters},
  volume={32},
  number={21},
  year={2005},
  publisher={Wiley Online Library}
}

@article{Solomon1999,
  title={Stratospheric ozone depletion: A review of concepts and history},
  author={Solomon, Susan},
  journal={Reviews of Geophysics},
  volume={37},
  number={3},
  pages={275--316},
  year={1999},
  publisher={Wiley Online Library}
}

@techreport{Solomon2007,
   author = {{Solomon}, S., and D. {Qin}, and M. {Manning}, and Z. {Chen}, and M. {Marquis}, and K.~B. {Averyt}, and M. {Tignor}, and H.~L. {Miller}},
    title = "{Contribution of Working Group I to the Fourth Assessment Report of the Intergovernmental Panel on Climate Change}",
publisher = {Cambridge University Press},
     year = {2007},
  edition = {1st Edition}
}

@ARTICLE{Solomon2010,
   author = {{Solomon}, S. and {Rosenlof}, K.~H. and {Portmann}, R.~W. and
	{Daniel}, J.~S. and {Davis}, S.~M. and {Sanford}, T.~J. and
	{Plattner}, G.-K.},
    title = "{Contributions of Stratospheric Water Vapor to Decadal Changes in the Rate of Global Warming}",
  journal = {Science},
     year = 2010,
    month = mar,
   volume = 327,
    pages = {1219-},
      doi = {10.1126/science.1182488},
   adsurl = {http://adsabs.harvard.edu/abs/2010Sci...327.1219S},
  adsnote = {Provided by the SAO/NASA Astrophysics Data System}
}


@ARTICLE{Suhre2004,
   author = {{Suhre}, D.~R. and {Denes}, L.~J. and {Gupta}, N.},
    title = "{Telecentric confocal optics for aberration correction of acousto-optic tunable filters}",
  journal = {Applied Optics},
 keywords = {acousto-optical filters, optical tuning, optical dispersion, aberrations, light diffraction, optical elements, ray tracing},
     year = 2004,
    month = feb,
   volume = 43,
    pages = {1255-1260},
      doi = {10.1364/AO.43.001255},
   adsurl = {http://adsabs.harvard.edu/abs/2004ApOpt..43.1255S},
  adsnote = {Provided by the SAO/NASA Astrophysics Data System}
}

@article{Thomason2003,
  title={SAGE III aerosol extinction measurements: Initial results},
  author={Thomason, Larry W and Taha, Ghassan},
  journal={Geophysical research letters},
  volume={30},
  number={12},
  year={2003},
  publisher={Wiley Online Library}
}

@article{Thomas2010,
  title={Observations of volcanic emissions from space: current and future perspectives},
  author={Thomas, HE and Watson, IM},
  journal={Natural hazards},
  volume={54},
  number={2},
  pages={323--354},
  year={2010},
  publisher={Springer}
}

@ARTICLE{Voloshinov1996,
   author = {{Voloshinov}, V.},
    title = "{Spectral and polarization analysis of optical images by means of acousto-optics}",
  journal = {Optics Laser Technology},
     year = 1996,
    month = mar,
   volume = 28,
    pages = {119-127},
      doi = {10.1016/0030-3992(95)00079-8},
   adsurl = {http://adsabs.harvard.edu/abs/1996OptLT..28..119V}
}

@ARTICLE{Voloshinov2006,
   author = {{Voloshinov}, V.~B. and {Mosquera}, J.~C.},
    title = "{Wide-aperture acousto-optic interaction in birefringent crystals}",
  journal = {Optics and Spectroscopy},
 keywords = {42.79.Jq, 78.20.Ci},
     year = 2006,
    month = oct,
   volume = 101,
    pages = {635-641},
      doi = {10.1134/S0030400X06100225},
   adsurl = {http://adsabs.harvard.edu/abs/2006OptSp.101..635V},
  adsnote = {Provided by the SAO/NASA Astrophysics Data System}

@ARTICLE{Voloshinov2007,
   author = {{Voloshinov}, V.~B. and {Yushkov}, K.~B. and {Linde}, B.~B.~J.},
    title = "{Improvement in performance of a TeO$_{2}$ acousto-optic imaging spectrometer}",
  journal = {Journal of Optics A: Pure and Applied Optics},
     year = 2007,
    month = apr,
   volume = 9,
    pages = {341-347},
      doi = {10.1088/1464-4258/9/4/006},
   adsurl = {http://adsabs.harvard.edu/abs/2007JOptA...9..341V}
}

@article{Von2003,
  title={Retrieval of temperature and tangent altitude pointing from limb emission spectra recorded from space by the Michelson Interferometer for Passive Atmospheric Sounding (MIPAS)},
  author={von Clarmann, vT and Glatthor, N and Grabowski, U and H{\"o}pfner, M and Kellmann, S and Kiefer, M and Linden, A and Tsidu, G Mengistu and Milz, M and Steck, T and others},
  journal={Journal of Geophysical Research: Atmospheres (1984--2012)},
  volume={108},
  number={D23},
  year={2003},
  publisher={Wiley Online Library}
}

@article{Waters2006,
  title={The earth observing system microwave limb sounder (EOS MLS) on the Aura satellite},
  author={Waters, Joe W and Froidevaux, Lucien and Harwood, Robert S and Jarnot, Robert F and Pickett, Herbert M and Read, William G and Siegel, Peter H and Cofield, Richard E and Filipiak, Mark J and Flower, Dennis A and others},
  journal={Geoscience and Remote Sensing, IEEE Transactions on},
  volume={44},
  number={5},
  pages={1075--1092},
  year={2006},
  publisher={IEEE}
}

@PHDThesis{Wiensz2012,
   author =     {{Wiensz}, J.~T.},
    title =     "{Optical properties of subvisual cirrus clouds measured by the OSIRIS instrument}",
   school =     {Univeristy of Saskatchewan},
     year =     {2012}
}

@article{Winker2007,
  title={Initial performance assessment of CALIOP},
  author={Winker, David M and Hunt, William H and McGill, Matthew J},
  journal={Geophysical Research Letters},
  volume={34},
  number={19},
  year={2007},
  publisher={Wiley Online Library}
}

@article{Winker2009,
  title={Overview of the CALIPSO mission and CALIOP data processing algorithms},
  author={Winker, David M and Vaughan, Mark A and Omar, Ali and Hu, Yongxiang and Powell, Kathleen A and Liu, Zhaoyan and Hunt, William H and Young, Stuart A},
  journal={Journal of Atmospheric and Oceanic Technology},
  volume={26},
  number={11},
  pages={2310--2323},
  year={2009}
}

@patent{Yano1976,
   author = {Yano T., and A. Watanabe},
    title = {Acousto-Optic Filter},
     year = {1976},
    month = {03},
      day = {16},
   number = {US 3944334},
     type = {Patent},
 location = {US},
yearfiled = {1974},
monthfiled = {08},
 dayfiled = {27}
 }

 @article{Young2009,
  title={The retrieval of profiles of particulate extinction from Cloud-Aerosol Lidar Infrared Pathfinder Satellite Observations (CALIPSO) data: Algorithm description},
  author={Young, Stuart A and Vaughan, Mark A},
  journal={Journal of Atmospheric and Oceanic Technology},
  volume={26},
  number={6},
  pages={1105--1119},
  year={2009}
}
